@INPROCEEDINGS{6854370,
	author={G. {Chen} and C. {Parada} and G. {Heigold}},
	booktitle={2014 IEEE International Conference on Acoustics, Speech and Signal Processing (ICASSP)}, 	
	title={Small-footprint keyword spotting using deep neural networks}, 	
	year={2014},	
	pages={4087-4091},
}

@inproceedings{Sainath2015,
	title={Convolutional neural networks for small-footprint keyword spotting},
	author={Tara N. Sainath and Carolina Parada},
	booktitle={INTERSPEECH},
	year={2015}
}

@article{Tabibian,
	author = {Tabibian, Shima},
	year = {2019},
	pages = {},
	title = {A survey on structured discriminative spoken keyword spotting},
	journal = {Artificial Intelligence Review},
}

@INPROCEEDINGS{8639036,	
	author={J. {Rownicka} and P. {Bell} and S. {Renals}},	
	booktitle={2018 IEEE Spoken Language Technology Workshop (SLT)}, 	
	title={Analyzing Deep CNN-Based Utterance Embeddings for Acoustic Model Adaptation}, 	
	year={2018},	
	pages={235-241},
}

 @article{gsc,
	author = {{Warden}, Pete},
	title = "{Speech Commands: A Dataset for Limited-Vocabulary Speech Recognition}",
	journal = {arXiv e-prints},
	year = 2018,
	eid = {arXiv:1804.03209}
}
